@book{texbook,
  author    = {Donald E. Knuth},
  year      = {1986},
  title     = {The \TeX{} Book},
  publisher = {Addison-Wesley Professional}
}

@article{su:2015,
  author  = {Francis E. Su},
  year    = {2015},
  title   = {Some Guidelines for Good Mathematical Writing},
  journal = {MAA Focus}
}

@article{halmos,
  author  = {Paul R. Halmos},
  year    = {1973},
  title   = {How To Write Mathematics},
  journal = {American Mathematical Society}
}

@article{eisner:1994,
  author  = {Gail A. Eisner},
  year    = {1994},
  title   = {Using Algebra in an Accounting Practice},
  journal = {The Mathematics Teacher}
}